<zs:record>
<zs:leader>01080nam a2200265 ca4500</zs:leader>
<zs:controlfield tag="001">BV049029404</zs:controlfield>
<zs:controlfield tag="003">DE-604</zs:controlfield>
<zs:controlfield tag="005">00000000000000.0</zs:controlfield>
<zs:controlfield tag="007">t</zs:controlfield>
<zs:controlfield tag="008">230630m1988uuuu |||| 10||| eng d</zs:controlfield>
<zs:datafield tag="020" ind1=" " ind2=" ">
<zs:subfield code="a">1851662529</zs:subfield>
<zs:subfield code="9">1-85166-252-9</zs:subfield>
</zs:datafield>
<zs:datafield tag="020" ind1=" " ind2=" ">
<zs:subfield code="a">0912053208</zs:subfield>
<zs:subfield code="9">0-912053-20-8</zs:subfield>
</zs:datafield>
<zs:datafield tag="040" ind1=" " ind2=" ">
<zs:subfield code="a">DE-604</zs:subfield>
<zs:subfield code="b">ger</zs:subfield>
</zs:datafield>
<zs:datafield tag="111" ind1="2" ind2=" ">
<zs:subfield code="a">International Congress on Experimental Mechanics</zs:subfield>
<zs:subfield code="n">6</zs:subfield>
<zs:subfield code="d">1988</zs:subfield>
<zs:subfield code="c">Portland, Or.</zs:subfield>
<zs:subfield code="j">Verfasser</zs:subfield>
<zs:subfield code="0">(DE-588)5022525-X</zs:subfield>
<zs:subfield code="4">aut</zs:subfield>
</zs:datafield>
<zs:datafield tag="245" ind1="1" ind2="0">
<zs:subfield code="a">
VI International Congress on Experimental Mechanics
</zs:subfield>
<zs:subfield code="b">
[proceedings of the VI International Congress on Experimental Mechanics ... held on June 5 - 10, 1988 in Portland, Oregon, U.S.A.]
</zs:subfield>
<zs:subfield code="c">ed. by Frank Adams ...</zs:subfield>
</zs:datafield>
<zs:datafield tag="246" ind1="1" ind2="3">
<zs:subfield code="a">
Sixth International Congress on Experimental Mechanics
</zs:subfield>
</zs:datafield>
<zs:datafield tag="264" ind1=" " ind2="1">
<zs:subfield code="a">London</zs:subfield>
<zs:subfield code="b">Elsevier [u.a.]</zs:subfield>
<zs:subfield code="c">1988</zs:subfield>
</zs:datafield>
<zs:datafield tag="655" ind1=" " ind2="7">
<zs:subfield code="0">(DE-588)1071861417</zs:subfield>
<zs:subfield code="a">Konferenzschrift</zs:subfield>
<zs:subfield code="2">gnd-content</zs:subfield>
</zs:datafield>
<zs:datafield tag="700" ind1="1" ind2=" ">
<zs:subfield code="a">Adams, Frank</zs:subfield>
<zs:subfield code="4">edt</zs:subfield>
</zs:datafield>
<zs:datafield tag="710" ind1="2" ind2=" ">
<zs:subfield code="a">Society for Experimental Mechanics (USA)</zs:subfield>
<zs:subfield code="e">Sonstige</zs:subfield>
<zs:subfield code="0">(DE-588)308357-3</zs:subfield>
<zs:subfield code="4">oth</zs:subfield>
</zs:datafield>
<zs:datafield tag="035" ind1=" " ind2=" ">
<zs:subfield code="a">(DE-599)GBV037240986</zs:subfield>
</zs:datafield>
<zs:datafield tag="041" ind1="0" ind2=" ">
<zs:subfield code="a">eng</zs:subfield>
</zs:datafield>
<zs:datafield tag="336" ind1=" " ind2=" ">
<zs:subfield code="b">txt</zs:subfield>
<zs:subfield code="2">rdacontent</zs:subfield>
</zs:datafield>
<zs:datafield tag="337" ind1=" " ind2=" ">
<zs:subfield code="b">n</zs:subfield>
<zs:subfield code="2">rdamedia</zs:subfield>
</zs:datafield>
<zs:datafield tag="338" ind1=" " ind2=" ">
<zs:subfield code="b">nc</zs:subfield>
<zs:subfield code="2">rdacarrier</zs:subfield>
</zs:datafield>
</zs:record>
